@article{ACM,
	title={Business Applications of Data Mining},
	author={C. Apte, B. Liu, E. P. D. Pednault and P. Smyth},
	journal={Communications of the ACM},
	volume={45},
	number={8},
	pages={49--53},
	year={2002},
	publisher={Association for Computing Machinery}
}

@article{Heliyon,
	title={An overview of Human Action Recognition in sports based on
	Computer Vision},
	author={Kristina Host, Marina Ivasic-Kos},
	journal={Heliyon},
	volume={8},
	number={6},
	pages={1--25},
	year={2022},
	publisher={Cell Press}
}

@article{Displays,
	title={Classification of sport actions using principal component analysis and
	random forest based on three-dimensional data},
	author={Hao Weiwei},
	journal={Displays},
	volume={72},
	number={102135},
	pages={1--9},
	year={2022},
	publisher={Elsevier}
}

@article{AEJ,
	title={Intelligent sports prediction analysis system based
	on improved Gaussian fuzzy algorithm},
	author={Yanhua Men},
	journal={Alexandria Engineering Journal},
	volume={61},
	number={61},
	pages={5351--5359},
	year={2021},
	publisher={Elsevier}
}

@article{CollegeFootball,
	title={Sports data mining:
	predicting results for the college football games},
	author={Carson K. Leung, Kyle W. Joseph},
	journal={Procedia Computer Science},
	volume={35},
	number={35},
	pages={710--719},
	year={2014},
	publisher={Elsevier}
}


@article{Basketball,
	title={Sports analyticsâ€” Evaluation of basketball players and team
	performance},
	author={Vangelis Sarlis, Christos Tjortjis},
	journal={Information Systems},
	volume={93},
	number={101562},
	pages={1--19},
	year={2020},
	publisher={Elsevier}
}

@article{LSTMPrediction,
	title={Sports match prediction model for training and exercise using
	attention-based LSTM network},
	author={{Qiyun Zhang, Xuyun Zhang, Hongsheng Hu, Cauzhong Li, Yinping Lin, Rui Mae}},
	journal={Digital Communications and Networks},
	note={https://doi.org/10.1016/j.dcan.2021.08.008},
	year={2020},
	publisher={KeAi Publishing}
}

@article{SOTA,
	title={A State of the Art Review on Various Data
	Mining Techniques},
	author={{S.Yamini, Dr.V.Khanaa, Dr.Krishna Mohantha}},
	journal={International Journal of Innovative Research in Science,
	Engineering and Technology},
	volume={5},
	number={3},
	pages={2802--2808},
	year={2016},
	publisher={KeAi Publishing}
}


@article{ResearchGate,
	title={A Review of Data Mining Techniques for Result Prediction in Sports},
	author={Maral Haghighat, Hamid Rastegari, Nasim Nourafza},
	journal={Advances in Computer Science: an International Journal,},
	volume={2},
	number={5},
	pages={7--12},
	year={2013},
	publisher={ACSIJ}
}

@article{ResearchGate,
	title={A Review of Data Mining Techniques for Result Prediction in Sports},
	author={Maral Haghighat, Hamid Rastegari, Nasim Nourafza},
	journal={Advances in Computer Science: an International Journal},
	volume={2},
	number={5},
	pages={7--12},
	year={2013},
	publisher={ACSIJ}
}

@article{AFL_2,
	title={Using meta-regression data mining to improve predictions ofperformance based on heart rate dynamics for Australian football},
	author={Herbert F. Jelinek, Andrei Kelarev, Dean J. Robinson,Andrew Stranieri, David J. Cornforth},
	journal={Applied Soft Computing},
	volume={14},
	pages={81--87},
	year={2014},
	publisher={Elsevier}
}

@article{AFL_3,
	title={The effect of team formation on defensive performance in
	Australian football},
	author={Mitchell F. Aarons, Christopher M. Young, Lyndell Bruce, Dan B. Dwyer},
	journal={Journal of Science and Medicine in Sport},
	volume={25},
	pages={178--182},
	year={2022},
	publisher={Elsevier}
}

@InProceedings{AFL_1,
	author = {Alan McCabe, Jarrod Trevathan},
	title = {Artificial Intelligence in Sports Prediction},
	booktitle = {Fifth International Conference on Information Technology: New Generations (itng 2008)},
	year = {1996},
	publisher = {IEEE},
	note = {10.1109/ITNG.2008.203}
}


@misc{website:TechGuy,
	author = {{TechGuy}},
	title = {Differences Between Data Mining, Machine Learning and Deep Learning},
	year = {2021},
	url = {https://techguysfdc.medium.com/differences-between-data-mining-machine-learning-and-deep-learning-1a01cfc1723c},
	note = {[Accessed June 12. 2022]}
}

@misc{website:Vice,
	author = {{VICE Sports}},
	title = {Analytics in the AFL - The Most Data Rich Sport on Earth},
	year = {2016},
	url = {https://www.vice.com/en/article/mg83jy/analytics-in-the-afl-the-most-data-rich-sport-on-earth},
	note = {[Accessed June 13. 2022]}
}

@misc{website:Plat,
	author = {Lilit Melkonyan},
	title = {Statistics Decision Tree Definition and Examples},
	year = {2022},
	url = {https://plat.ai/blog/statistic-decision-tree-definition/},
	note = {[Accessed June 13. 2022]}
}

@misc{website:AIM,
	author = {Vijaysinh Lendave},
	title = {A Guide to Different Evaluation Metrics for Time Series Forecasting Models},
	year = {2021},
	url = {https://analyticsindiamag.com/a-guide-to-different-evaluation-metrics-for-time-series-forecasting-models/},
	note = {[Accessed June 13. 2022]}
}

@misc{website:Britannica,
	author = {Erik Gregerson},
	title = {Bayesian analysis},
	year = {2011},
	url = {https://www.britannica.com/science/Bayesian-analysis/additional-info#history},
	note = {[Accessed June 14. 2022]}
}

@misc{website:IBM,
	author = {{IBM}},
	title = {What are neural networks?},
	url = {https://www.ibm.com/topics/neural-networks},
	note = {[Accessed March 17. 2023}}

@book{SportDM,
	author = {Robert P. Schumaker, Osama K. Solieman, Hsinchun Chen},
	title = {SPORTS DATA MINING},
	year = {2010},
	publisher = {Springer Link},
}

