@article{ACM,
	title={Business Applications of Data Mining},
	author={C. Apte, B. Liu, E. P. D. Pednault and P. Smyth},
	journal={Communications of the ACM},
	volume={45},
	number={8},
	pages={49--53},
	year={2002},
	publisher={Association for Computing Machinery}
}

@article{Heliyon,
	title={An overview of Human Action Recognition in sports based on
		Computer Vision},
	author={Kristina Host, Marina Ivasic-Kos},
	journal={Heliyon},
	volume={8},
	number={6},
	pages={1--25},
	year={2022},
	publisher={Cell Press}
}

@article{Displays,
	title={Classification of sport actions using principal component analysis and
		random forest based on three-dimensional data},
	author={Hao Weiwei},
	journal={Displays},
	volume={72},
	number={102135},
	pages={1--9},
	year={2022},
	publisher={Elsevier}
}

@article{AEJ,
	title={Intelligent sports prediction analysis system based
		on improved Gaussian fuzzy algorithm},
	author={Yanhua Men},
	journal={Alexandria Engineering Journal},
	volume={61},
	number={61},
	pages={5351--5359},
	year={2021},
	publisher={Elsevier}
}

@article{CollegeFootball,
	title = {Sports Data Mining: Predicting Results for the College Football Games},
	journal = {Procedia Computer Science},
	volume = {35},
	pages = {710-719},
	year = {2014},
	note = {Knowledge-Based and Intelligent Information & Engineering Systems 18th Annual Conference, KES-2014 Gdynia, Poland, September 2014 Proceedings},
	issn = {1877-0509},
	doi = {https://doi.org/10.1016/j.procs.2014.08.153},
	url = {https://www.sciencedirect.com/science/article/pii/S1877050914011181},
	author = {Carson K. Leung and Kyle W. Joseph}
}


@article{Basketball,
	title={Sports analytics— Evaluation of basketball players and team
		performance},
	author={Vangelis Sarlis, Christos Tjortjis},
	journal={Information Systems},
	volume={93},
	number={101562},
	pages={1--19},
	year={2020},
	publisher={Elsevier}
}

@article{Basketball_2,
	author = {Loeffelholz, Bernard and Bednar, Earl and Bauer, Kenneth},
	year = {2009},
	month = {02},
	pages = {7-7},
	title = {Predicting NBA Games Using Neural Networks},
	volume = {5},
	journal = {Journal of Quantitative Analysis in Sports},
	doi = {10.2202/1559-0410.1156}
}

@article{LSTMPrediction,
	title={Sports match prediction model for training and exercise using
		attention-based LSTM network},
	author={{Qiyun Zhang, Xuyun Zhang, Hongsheng Hu, Cauzhong Li, Yinping Lin, Rui Mae}},
	journal={Digital Communications and Networks},
	note={https://doi.org/10.1016/j.dcan.2021.08.008},
	year={2020},
	publisher={KeAi Publishing}
}

@article{SOTA,
	title={A State of the Art Review on Various Data
		Mining Techniques},
	author={{S.Yamini, Dr.V.Khanaa, Dr.Krishna Mohantha}},
	journal={International Journal of Innovative Research in Science,
		Engineering and Technology},
	volume={5},
	number={3},
	pages={2802--2808},
	year={2016},
	publisher={KeAi Publishing}
}


@article{ResearchGate,
	title={A Review of Data Mining Techniques for Result Prediction in Sports},
	author={Maral Haghighat, Hamid Rastegari, Nasim Nourafza},
	journal={Advances in Computer Science: an International Journal,},
	volume={2},
	number={5},
	pages={7--12},
	year={2013},
	publisher={ACSIJ}
}

@article{ResearchGate,
	title={A Review of Data Mining Techniques for Result Prediction in Sports},
	author={Maral Haghighat, Hamid Rastegari, Nasim Nourafza},
	journal={Advances in Computer Science: an International Journal},
	volume={2},
	number={5},
	pages={7--12},
	year={2013},
	publisher={ACSIJ}
}

@article{AFL_2,
	title={Using meta-regression data mining to improve predictions ofperformance based on heart rate dynamics for Australian football},
	author={Herbert F. Jelinek, Andrei Kelarev, Dean J. Robinson,Andrew Stranieri, David J. Cornforth},
	journal={Applied Soft Computing},
	volume={14},
	pages={81--87},
	year={2014},
	publisher={Elsevier}
}

@article{AFL_3,
	title={The effect of team formation on defensive performance in
		Australian football},
	author={Mitchell F. Aarons, Christopher M. Young, Lyndell Bruce, Dan B. Dwyer},
	journal={Journal of Science and Medicine in Sport},
	volume={25},
	pages={178--182},
	year={2022},
	publisher={Elsevier}
}

@article{10.1109/TASLP.2016.2520371,
	author = {Palangi, Hamid and Deng, Li and Shen, Yelong and Gao, Jianfeng and He, Xiaodong and Chen, Jianshu and Song, Xinying and Ward, Rabab},
	title = {Deep Sentence Embedding Using Long Short-Term Memory Networks: Analysis and Application to Information Retrieval},
	year = {2016},
	issue_date = {April 2016},
	publisher = {IEEE Press},
	volume = {24},
	number = {4},
	issn = {2329-9290},
	url = {https://doi.org/10.1109/TASLP.2016.2520371},
	doi = {10.1109/TASLP.2016.2520371},
	journal = {IEEE/ACM Trans. Audio, Speech and Lang. Proc.},
	month = {apr},
	pages = {694–707},
	numpages = {14},
	keywords = {deep learning, sentence embedding, long short-term memory}
}

@article{BUNKER201927,
	title = {A machine learning framework for sport result prediction},
	journal = {Applied Computing and Informatics},
	volume = {15},
	number = {1},
	pages = {27-33},
	year = {2019},
	issn = {2210-8327},
	doi = {https://doi.org/10.1016/j.aci.2017.09.005},
	url = {https://www.sciencedirect.com/science/article/pii/S2210832717301485},
	author = {Rory P. Bunker and Fadi Thabtah},
	keywords = {Machine learning, Event forecasting, Data mining, Sport result prediction}
}

@article{NN_NFL,
	author = {Kahn, Joshua},
	year = {2003},
	month = {01},
	pages = {},
	title = {Neural Network Prediction of NFL Football Games},
	journal = {World Wide Web Electronic Publication}
}

@article{ML_Soccer,
	author = {Daniel Berrar, Philippe Lopes, Werner Dubitzky},
	year = {2018},
	month = {08},
	title = {Incorporating domain knowledge in machine learning for soccer outcome prediction. },
	journal = {Mach Learn},
	volume = {108},
	pages = {97-126},
	doi = {https://doi.org/10.1007/s10994-018-5747-8}
}

@InProceedings{AFL_1,
	author = {Alan McCabe, Jarrod Trevathan},
	title = {Artificial Intelligence in Sports Prediction},
	booktitle = {Fifth International Conference on Information Technology: New Generations (itng 2008)},
	year = {1996},
	publisher = {IEEE},
	note = {10.1109/ITNG.2008.203}
}

@inproceedings{10.1145/3546157.3546162,
	author = {Jones, Jordan and Demirel, Doga},
	title = {Long Short-Term Memory for Bitcoin Price Prediction},
	year = {2022},
	isbn = {9781450396257},
	publisher = {Association for Computing Machinery},
	address = {New York, NY, USA},
	url = {https://doi.org/10.1145/3546157.3546162},
	doi = {10.1145/3546157.3546162},
	booktitle = {Proceedings of the 6th International Conference on Information System and Data Mining},
	pages = {25–30},
	numpages = {6},
	keywords = {LSTM, Bitcoin, Prediction},
	location = {Silicon Valley, CA, USA},
	series = {ICISDM '22}
}

@inproceedings{10.1145/3474880.3474898,
	author = {Lee, Chu Hui and Hsu, Chia Ling},
	title = {Using Long Short-Term Memory to Predict Cash Dividend},
	year = {2021},
	isbn = {9781450389600},
	publisher = {Association for Computing Machinery},
	address = {New York, NY, USA},
	url = {https://doi.org/10.1145/3474880.3474898},
	doi = {10.1145/3474880.3474898},
	pages = {133–139},
	numpages = {7},
	keywords = {Time Series Prediction, Predict stocks, Long Short-Term Memory, Cash dividend},
	location = {Beijing, China},
	series = {ICEBT '21}
}

@inproceedings{10.1145/3568231.3568249,
	author = {Dinata, I Gede Angga and Yudistira, Novanto and Muflikhah, Lailil},
	title = {Indonesian Stock Prices Prediction Using Bidirectional Long Short-Term Memory},
	year = {2023},
	isbn = {9781450397117},
	publisher = {Association for Computing Machinery},
	address = {New York, NY, USA},
	url = {https://doi.org/10.1145/3568231.3568249},
	doi = {10.1145/3568231.3568249},
	booktitle = {Proceedings of the 7th International Conference on Sustainable Information Engineering and Technology},
	pages = {188–198},
	numpages = {11},
	keywords = {deep learning, univariate, stock, BiLSTM, multivariate},
	location = {Malang, Indonesia},
	series = {SIET '22}
}

@inproceedings{10.1145/3453800.3453812,
	author = {Quoc Nguyen, Dung and Nguyet Phan, Minh and Zelinka, Ivan},
	title = {Periodic Time Series Forecasting with Bidirectional Long Short-Term Memory: Periodic Time Series Forecasting with Bidirectional LSTM},
	year = {2021},
	isbn = {9781450387613},
	publisher = {Association for Computing Machinery},
	address = {New York, NY, USA},
	url = {https://doi.org/10.1145/3453800.3453812},
	doi = {10.1145/3453800.3453812},
	booktitle = {2021 The 5th International Conference on Machine Learning and Soft Computing},
	pages = {60–64},
	numpages = {5},
	keywords = {sequence prediction, recurrent neural network, Long short-term memory, time series},
	location = {Da Nang, Viet Nam},
	series = {ICMLSC'21}
}

@inproceedings{10.1145/3234781.3234794,
	author = {Wang, Chih-Chien and Day, Min-Yuh and Chen, Chien-Chang and Liou, Jia-Wei},
	title = {Detecting Spamming Reviews Using Long Short-Term Memory Recurrent Neural Network Framework},
	year = {2018},
	isbn = {9781450364904},
	publisher = {Association for Computing Machinery},
	address = {New York, NY, USA},
	url = {https://doi.org/10.1145/3234781.3234794},
	doi = {10.1145/3234781.3234794},
	booktitle = {Proceedings of the 2nd International Conference on E-Commerce, E-Business and E-Government},
	pages = {16–20},
	numpages = {5},
	keywords = {long short-term memory (LSTM), neural network, recurrent neural network (RNN), deep learning, fake review},
	location = {Hong Kong, Hong Kong},
	series = {ICEEG '18}
}

@inproceedings{10.1145/3316782.3322781,
	author = {Mohmed, Gadelhag and Lotfi, Ahmad and Pourabdollah, Amir},
	title = {Long Short-Term Memory Fuzzy Finite State Machine for Human Activity Modelling},
	year = {2019},
	isbn = {9781450362320},
	publisher = {Association for Computing Machinery},
	address = {New York, NY, USA},
	url = {https://doi.org/10.1145/3316782.3322781},
	doi = {10.1145/3316782.3322781},
	booktitle = {Proceedings of the 12th ACM International Conference on PErvasive Technologies Related to Assistive Environments},
	pages = {561–567},
	numpages = {7},
	keywords = {deep learning, human activity modelling, fuzzy finite state machine, activity of daily living, LSTM, long short-term memory, ADL},
	location = {Rhodes, Greece},
	series = {PETRA '19}
}

@misc{website:TechGuy,
	author = {{TechGuy}},
	title = {Differences Between Data Mining, Machine Learning and Deep Learning},
	year = {2021},
	url = {https://techguysfdc.medium.com/differences-between-data-mining-machine-learning-and-deep-learning-1a01cfc1723c},
	note = {[Accessed June 12. 2022]}
}

@misc{website:Vice,
	author = {{VICE Sports}},
	title = {Analytics in the AFL - The Most Data Rich Sport on Earth},
	year = {2016},
	url = {https://www.vice.com/en/article/mg83jy/analytics-in-the-afl-the-most-data-rich-sport-on-earth},
	note = {[Accessed June 13. 2022]}
}

@misc{website:Plat,
	author = {Lilit Melkonyan},
	title = {Statistics Decision Tree Definition and Examples},
	year = {2022},
	url = {https://plat.ai/blog/statistic-decision-tree-definition/},
	note = {[Accessed June 13. 2022]}
}

@misc{website:AIM,
	author = {Vijaysinh Lendave},
	title = {A Guide to Different Evaluation Metrics for Time Series Forecasting Models},
	year = {2021},
	url = {https://analyticsindiamag.com/a-guide-to-different-evaluation-metrics-for-time-series-forecasting-models/},
	note = {[Accessed June 13. 2022]}
}

@misc{website:Britannica,
	author = {Erik Gregerson},
	title = {Bayesian analysis},
	year = {2011},
	url = {https://www.britannica.com/science/Bayesian-analysis/additional-info#history},
	note = {[Accessed June 14. 2022]}
}

@misc{website:IBM,
	author = {{IBM}},
	title = {What are neural networks?},
	url = {https://www.ibm.com/topics/neural-networks},
	note = {[Accessed March 17. 2023]}}

@misc{website:AFL_Weather,
	author = {Josh Elliot},
	title = {How different weather conditions affect AFL performance},
	year = {2020}
	url = {https://www.statsinsider.com.au/news/how-different-weather-conditions-affect-afl-performance},
	note = {[Accessed March 20. 2023]}
}

@misc{website:JavaTPoint,
	author = {{JavaTPoint}},
	title = {Feature Engineering for Machine Learning},
	year = {2021},
	url = {https://www.javatpoint.com/feature-engineering-for-machine-learning},
	note = {[Accessed March 20. 2023]}
	}

@misc{website:SciKitTrees,
	author = {{scikit-learn}},
	title = {1.10. Decision Trees},
	year = {2017},
	url = {https://scikit-learn.org/stable/modules/tree.html#},
	note = {[Accessed March 20. 2023]}	
}

@misc{website:IBM_Trees,
	author = {{IBM}},
	title = {What is a Decision Tree?},
	url = {https://www.ibm.com/in-en/topics/decision-trees},
	note = {[Accessed March 20. 2023]}
}

@misc{website:BH_AI,
	author = {Aleksander Obuchowski},
	title = {Understanding neural networks 2: The math of neural networks in 3 equations},
	year = {2020},
	url = {https://becominghuman.ai/understanding-neural-networks-2-the-math-of-neural-networks-in-3-equations-6085fd3f09df},
	note = {[Accessed March 21. 2023]}
}

@misc{website:AV_LSTM,
	author = {Shipra Saxena},
	title = {Learn About Long Short-Term Memory (LSTM) Algorithms},
	year = {2021},
	url = {https://www.analyticsvidhya.com/blog/2021/03/introduction-to-long-short-term-memory-lstm/},
	note = {[Accessed March 21. 2023]}
}

@misc{website:Medium_Soccer,
	author = {Roland Shum},
	title = {Neural Networks Football Result Prediction},
	year = {2020},
	url = {https://medium.com/@rolandshum.shc/neural-networks-football-result-prediction-d8b0f933118b},
	note = {[Accessed March 22. 2023]}
}

@misc{website:AFL_NN,
	author = {Edward Fitzgerald},
	title = {AN INTRODUCTION TO USING ARTIFICIAL NEURAL NETWORKS VIA TENSORFLOW TO PREDICT AFL FOOTBALL GAME RESULTS},
	year = {2021},
	url = {https://4cda.com/an-introduction-to-using-artificial-neural-networks-via-tensorflow-to-predict-afl-football-game-results/},
	note = {[Accessed March 22. 2023]}
}

@misc{website:Activation,
	author = {Panagiotis Antoniadis},
	title = {Activation Functions: Sigmoid vs Tanh},
	year = {2023},
	url = {https://www.baeldung.com/cs/sigmoid-vs-tanh-functions},
	note = {[Accessed March 30. 2023}
}

@misc{website:AFL_HG,
	author = {[TheAFLLab},
	title = {Home Ground Advantage - A Mess},
	year = {2018},
	url = {https://theafllab.wordpress.com/2018/06/28/home-ground-advantage-a-mess/}
}

 @misc{stone,
	m._2021,
	title={Australian Football League (AFL) Database},
	url={https://www.kaggle.com/dsv/2847189},
}
@book{SportDM,
	author = {Robert P. Schumaker, Osama K. Solieman, Hsinchun Chen},
	title = {SPORTS DATA MINING},
	year = {2010},
	publisher = {Springer Link},
}

